00100000         235980592000130003276146001417019  0307080000001500074 DRAMMEN RJ INFRAESTRUTURA E REBANCO DO BRASIL S.A.                    10601202103054900006600000000                                                                    
00100011R01  000 2035980592000130003276146001417019  0307080000001500074 DRAMMEN RJ INFRAESTRUTURA E RE                                                                                000000660000000000000000                                
0010001300001P 010307080000001500074032761460000000723   70000175/1          0702202100000000049900000000 02N060120211000000000000000000000000000000000000000000000000000000000000000000000000000000000258600000000722      3000000090000000000
0010001300002Q 012005437734000407NTT BRASIL COMERCIO E SERVICOS DE TECNOLAVENIDA DOUTOR CHUCRI ZAIDAN, 1240 ANDARVILA SAO FRANCI04711130SAO PAULO      SP0000000000000000                                        000                           
0010001300003R 01000000000000000000000000000000000000000000000000000000000000000000000000                                                                                                              00000000000000000000000000000000        
0010001300004P 010307080000001500074032761460000000728   70000176/1          2402202100000000073750000000 02N060120211000000000000000000000000000000000000000000000000000000000000000000000000000000000258700000000727      3000000090000000000
0010001300005Q 012005437734000407NTT BRASIL COMERCIO E SERVICOS DE TECNOLAVENIDA DOUTOR CHUCRI ZAIDAN, 1240 ANDARVILA SAO FRANCI04711130SAO PAULO      SP0000000000000000                                        000                           
0010001300006R 01000000000000000000000000000000000000000000000000000000000000000000000000                                                                                                              00000000000000000000000000000000        
0010001300007P 010307080000001500074032761460000000727   7000087/1           2002202100000001794048500000 02N060120211000000000000000000000000000000000000000000000000000000000000000000000000000000000259600000000726      3000000090000000000
0010001300008Q 012034020354000110CAIXA SEGURADORA SA                     QD SHN 1 BLOCO E LT 0 ASA NORTE, SN ED SASA NORTE      70701050BRASILIA       DF0000000000000000                                        000                           
0010001300009R 01000000000000000000000000000000000000000000000000000000000000000000000000                                                                                                              00000000000000000000000000000000        
0010001300010P 010307080000001500074032761460000000729   70000173/1          2802202100000000006565800000 02N060120211000000000000000000000000000000000000000000000000000000000000000000000000000000000258300000000728      3000000090000000000
0010001300011Q 012001425787000104REDECARD SA                             AVENIDA DO ESTADO, 5533 2 ANDAR - GERENCMOOCA          03105003SAO PAULO      SP0000000000000000                                        000                           
0010001300012R 01000000000000000000000000000000000000000000000000000000000000000000000000                                                                                                              00000000000000000000000000000000        
0010001300013P 010307080000001500074032761460000000732   70000149/1          2802202100000000034781800000 02N060120211000000000000000000000000000000000000000000000000000000000000000000000000000000000258000000000731      3000000090000000000
0010001300014Q 012001425787000104REDECARD SA                             AVENIDA DO ESTADO, 5533 2 ANDAR - GERENCMOOCA          03105003SAO PAULO      SP0000000000000000                                        000                           
0010001300015R 01000000000000000000000000000000000000000000000000000000000000000000000000                                                                                                              00000000000000000000000000000000        
0010001300016P 010307080000001500074032761460000000734   70000172/1          2802202100000000006565800000 02N060120211000000000000000000000000000000000000000000000000000000000000000000000000000000000258200000000733      3000000090000000000
0010001300017Q 012001425787000104REDECARD SA                             AVENIDA DO ESTADO, 5533 2 ANDAR - GERENCMOOCA          03105003SAO PAULO      SP0000000000000000                                        000                           
0010001300018R 01000000000000000000000000000000000000000000000000000000000000000000000000                                                                                                              00000000000000000000000000000000        
0010001300019P 010307080000001500074032761460000000735   70000171/1          2802202100000000072237200000 02N060120211000000000000000000000000000000000000000000000000000000000000000000000000000000000258100000000734      3000000090000000000
0010001300020Q 012001425787000104REDECARD SA                             AVENIDA DO ESTADO, 5533 2 ANDAR - GERENCMOOCA          03105003SAO PAULO      SP0000000000000000                                        000                           
0010001300021R 01000000000000000000000000000000000000000000000000000000000000000000000000                                                                                                              00000000000000000000000000000000        
0010001300022P 010307080000001500074032761460000000736   70000174/1          2802202100000000006565800000 02N060120211000000000000000000000000000000000000000000000000000000000000000000000000000000000258400000000735      3000000090000000000
0010001300023Q 012001425787000104REDECARD SA                             AVENIDA DO ESTADO, 5533 2 ANDAR - GERENCMOOCA          03105003SAO PAULO      SP0000000000000000                                        000                           
0010001300024R 01000000000000000000000000000000000000000000000000000000000000000000000000                                                                                                              00000000000000000000000000000000        
0010001300025P 010307080000001500074032761460000000739   70000148/1          2802202100000001550155300000 02N060120211000000000000000000000000000000000000000000000000000000000000000000000000000000000259200000000738      3000000090000000000
0010001300026Q 012092665611000177DIMED SA DISTRIBUIDORA DE MEDICAMENTOS  RUA ENG AFONSO CAVALCANTI, 100          BELA VISTA     90440110PORTO ALEGRE   RS0000000000000000                                        000                           
0010001300027R 01000000000000000000000000000000000000000000000000000000000000000000000000                                                                                                              00000000000000000000000000000000        
0010001300028P 010307080000001500074032761460000000725   70000152/1          1402202100000000375001800000 02N060120211000000000000000000000000000000000000000000000000000000000000000000000000000000000259400000000724      3000000090000000000
0010001300029Q 012076518836000144ARAUCO DO BRASIL SA                     AV IGUACU, 2820                         AGUA VERDE     80240031CURITIBA       PR0000000000000000                                        000                           
0010001300030R 01000000000000000000000000000000000000000000000000000000000000000000000000                                                                                                              00000000000000000000000000000000        
0010001300031P 010307080000001500074032761460000000726   70000151/1          1402202100000000478038200000 02N060120211000000000000000000000000000000000000000000000000000000000000000000000000000000000259300000000725      3000000090000000000
0010001300032Q 012076518836000144ARAUCO DO BRASIL SA                     AV IGUACU, 2820                         AGUA VERDE     80240031CURITIBA       PR0000000000000000                                        000                           
0010001300033R 01000000000000000000000000000000000000000000000000000000000000000000000000                                                                                                              00000000000000000000000000000000        
0010001300034P 010307080000001500074032761460000000737   70000147/1          2802202100000000412641700000 02N060120211000000000000000000000000000000000000000000000000000000000000000000000000000000000257800000000736      3000000090000000000
0010001300035Q 012076487032000125ELECTROLUX DO BRASIL SA                 RUA MIN GABRIEL PASSOS, 360             GUABIROTUBA    81520900CURITIBA       PR0000000000000000                                        000                           
0010001300036R 01000000000000000000000000000000000000000000000000000000000000000000000000                                                                                                              00000000000000000000000000000000        
0010001300037P 010307080000001500074032761460000000724   70000150/1          1002202100000000215015400000 02N060120211000000000000000000000000000000000000000000000000000000000000000000000000000000000259100000000723      3000000090000000000
0010001300038Q 012051775690000191FURUKAWA ELECTRIC LATAM SA              RUA HASDRUBAL BELLEGARD, 820 N/A        CIDADE INDUSTRI82590100CURITIBA       PR0000000000000000                                        000                           
0010001300039R 01000000000000000000000000000000000000000000000000000000000000000000000000                                                                                                              00000000000000000000000000000000        
0010001300040P 010307080000001500074032761460000000738   70000149/1          2802202100000000220000000000 02N060120211000000000000000000000000000000000000000000000000000000000000000000000000000000000259500000000737      3000000090000000000
0010001300041Q 012016515656000187ADENTRO DATA CENTER SOLUTIONS LTDA      RUA R ENG AFONSO CAVALCANTI, 100                       00000000PORTO ALEGRE   RS0000000000000000                                        000                           
0010001300042R 01000000000000000000000000000000000000000000000000000000000000000000000000                                                                                                              00000000000000000000000000000000        
0010001300043P 010307080000001500074032761460000000722   70000146/1          0402202100000000165904100000 02N060120211000000000000000000000000000000000000000000000000000000000000000000000000000000000258900000000721      3000000090000000000
0010001300044Q 012002494715000173COOPERATIVA CENTRAL DE COOPERATIVAS UNIMRUA BAGE, 300                           NITEROI        92120190CANOAS         RS0000000000000000                                        000                           
0010001300045R 01000000000000000000000000000000000000000000000000000000000000000000000000                                                                                                              00000000000000000000000000000000        
0010001300046P 010307080000001500074032761460000000731   70000148/1          2802202100000000095614600000 02N060120211000000000000000000000000000000000000000000000000000000000000000000000000000000000257900000000730      3000000090000000000
0010001300047Q 012002869763000107HORFRAN COMERCIAL ELETRO MOVEIS LTDA    AV ANITA GARIBALDI, 1593 NA             AHU            82200530CURITIBA       PR0000000000000000                                        000                           
0010001300048R 01000000000000000000000000000000000000000000000000000000000000000000000000                                                                                                              00000000000000000000000000000000        
0010001300049P 010307080000001500074032761460000000730   70000150/1          2802202100000000044807200000 02N060120211000000000000000000000000000000000000000000000000000000000000000000000000000000000259700000000729      3000000090000000000
0010001300050Q 012023285160000120FOURBANK TECNOLOGIA E EXPERTISE PARA O SR DOM PEDRO II, 1220                    SAO JOAO       90550141PORTO ALEGRE   RS0000000000000000                                        000                           
0010001300051R 01000000000000000000000000000000000000000000000000000000000000000000000000                                                                                                              00000000000000000000000000000000        
0010001300052P 010307080000001500074032761460000000733   70000147/1          2802202100000000241227100000 02N060120211000000000000000000000000000000000000000000000000000000000000000000000000000000000259000000000732      3000000090000000000
0010001300053Q 012089096457000155SLC AGRICOLA SA                         RUA BERNARDO PIRES, 128                 SANTANA        90620010PORTO ALEGRE   RS0000000000000000                                        000                           
0010001300054R 01000000000000000000000000000000000000000000000000000000000000000000000000                                                                                                              00000000000000000000000000000000        
0010001300055P 010307080000001500074032761460000000721   70000145/1          2801202100000000091203200000 02N060120211000000000000000000000000000000000000000000000000000000000000000000000000000000000258800000000720      3000000090000000000
0010001300056Q 012014096190000105ZENVIA MOBILE SERVICOS DIGITAIS AS      AVENIDA CARLOS GOMES, 300 7  ANDAR      AUXILIADORA    90480000PORTO ALEGRE   RS0000000000000000                                        000                           
0010001300057R 01000000000000000000000000000000000000000000000000000000000000000000000000                                                                                                              00000000000000000000000000000000         
00100015         00005900000000000000000000000000000000000000000000000000000000000000000000000000000000000000000000                                                                                                                             
00199999         000001000061000000                                                                                                                                                                                                            